%% LaTeX2e file `usenix2019.bib'
%% generated by the `filecontents' environment
%% from source `usenix2019' on 2024/05/02.
%%
%-------------------------------------------------------------------------------
@article{okhravi2013finding,
  title={Finding focus in the blur of moving-target techniques},
  author={Okhravi, Hamed and Hobson, Thomas and Bigelow, David and Streilein, William},
  journal={IEEE Security \& Privacy},
  volume={12},
  number={2},
  pages={16--26},
  year={2013},
  publisher={IEEE}
}
@inproceedings{cai2016introduction,
  title={An introduction to network address shuffling},
  author={Cai, Guilin and Wang, Baosheng and Wang, Xiaofeng and Yuan, Yulei and Li, Sudan},
  booktitle={2016 18th international conference on advanced communication technology (ICACT)},
  pages={185--190},
  year={2016},
  organization={IEEE}
}
