%% LaTeX2e file `usenix2019.bib'
%% generated by the `filecontents' environment
%% from source `usenix2019' on 2024/05/02.
%%
%-------------------------------------------------------------------------------
@article{okhravi2013finding,
  title={Finding focus in the blur of moving-target techniques},
  author={Okhravi, Hamed and Hobson, Thomas and Bigelow, David and Streilein, William},
  journal={IEEE Security \& Privacy},
  volume={12},
  number={2},
  pages={16--26},
  year={2013},
  publisher={IEEE}
}
@inproceedings{cai2016introduction,
  title={An introduction to network address shuffling},
  author={Cai, Guilin and Wang, Baosheng and Wang, Xiaofeng and Yuan, Yulei and Li, Sudan},
  booktitle={2016 18th international conference on advanced communication technology (ICACT)},
  pages={185--190},
  year={2016},
  organization={IEEE}
}
@INPROCEEDINGS{8805766,
  author={Narantuya, Jargalsaikhan and Yoon, Seunghyun and Lim, Hyuk and Cho, Jin-Hee and Kim, Dong Seong and Moore, Terrence and Nelson, Frederica},
  booktitle={2019 49th Annual IEEE/IFIP International Conference on Dependable Systems and Networks â€“ Supplemental Volume (DSN-S)}, 
  title={SDN-Based IP Shuffling Moving Target Defense with Multiple SDN Controllers}, 
  year={2019},
  volume={},
  number={},
  pages={15-16},
  keywords={IP networks;Control systems;Security;Delays;Scalability;Multiplexing;Moving target defense;Software-defined networking;Distributed SDN controller;Controller dependency},
  doi={10.1109/DSN-S.2019.00013}}

